@manual{STMicroelectronics2015LSM9DS1,
  title        = {{LSM9DS1: iNEMO inertial module: always-on 3D accelerometer and 3D gyroscope}},
  organization = {STMicroelectronics},
  address      = {Geneva, Switzerland},
  year         = {2015},
  note         = {Rev 4},
  url          = {https://www.st.com/resource/en/datasheet/lsm9ds1.pdf}
}

@manual{DiodesIncorporatedAP2112,
  title        = {{AP2112: 600mA CMOS LDO}},
  organization = {Diodes Incorporated},
  address      = {Plano, Texas, USA},
  year         = {2017},
  note         = {Rev. 2},
  url          = {https://www.diodes.com/assets/Datasheets/AP2112.pdf}
}

@manual{TI2023,
  title        = "{LM317 3-Terminal Adjustable Regulator}",
  author       = "{Texas Instruments}",
  year         = "2023",
  url          = "https://www.ti.com/lit/ds/slvs044y/slvs044y.pdf",
  note         = "Accessed: Feb. 22, 2024"
}


@misc{IEEEethics2024,
  author = {{Institute of Electrical and Electronics Engineers (IEEE)}},
  title = {{IEEE Code of Ethics}},
  howpublished = {\url{https://www.ieee.org/about/corporate/governance/p7-8.html}},
  note = {Accessed: Feb. 15, 2024},
  year = {2024}
}

@manual{EspressifESP32,
  title        = {{ESP32 Datasheet}},
  organization = {Espressif Systems},
  address      = {},
  year         = {2016}, 
  note         = {Accessed: Feb. 15, 2024},
  url          = {https://www.espressif.com/sites/default/files/documentation/esp32\_datasheet\_en.pdf}
}

@manual{MicrochipVN10K,
  title        = {{VN10K: N-Channel Enhancement-Mode Vertical DMOS FET}},
  organization = {Microchip Technology},
  address      = {},
  year         = {2021}, 
  note         = {Accessed: Feb. 15, 2024},
  url          = {https://ww1.microchip.com/downloads/en/DeviceDoc/VN10K-N-Channel-Enhancement-Mode-Vertical-DMOS-FET-Data-Sheet-20005983A.pdf}
}

@misc{CFR571_108,
  author = {{Legal Information Institute}},
  title = {49 CFR ยง 571.108 - Standard No. 108; Lamps, reflective devices, and associated equipment.},
  year = {2023},
  howpublished = {\url{https://www.law.cornell.edu/cfr/text/49/571.108}},
  note = {Accessed: Feb. 19, 2024}
}


@misc{VectorStock2024,
  author = "{VectorStock}",
  title = "{Front back and side views blank jacket Royalty Free Vector}",
  year = "2024",
  url = "https://www.vectorstock.com/royalty-free-vector/front-back-and-side-views-blank-jacket-vector-4239549",
  note = "[Online; accessed 21-February-2024]"
}

@misc{CDC2024BicycleSafety,
  author = "{Centers for Disease Control and Prevention}",
  title = "{Bicycle Safety}",
  year = "2024",
  url = "https://www.cdc.gov/transportationsafety/bicycle/index.html",
  note = "[Online; accessed 21-February-2024]"
}
